@book{bishop2006pattern,
    author = {Bishop, Christopher M.},
    title = {Pattern recognition and machine learning},
    year = {2006},
    publisher = {Springer}
}

@book{montgomery2019applied,
    author = {Montgomery, Douglas C. and Runger, George C.},
    title = {Applied statistics and probability for engineers},
    year = {2019},
    publisher = {Wiley}
}
